@inproceedings{DBLP:conf/semweb/SpasicJP16,
	author    = {Mirko Spasic and
	Milos Jovanovik and
	Arnau Prat{-}P{\'{e}}rez},
	title     = {An {RDF} Dataset Generator for the {S}ocial {N}etwork {B}enchmark with Real-World
	Coherence},
	booktitle = {{BLINK} at {ISWC}},
	year      = {2016},
	url       = {http://ceur-ws.org/Vol-1700/paper-02.pdf},
	timestamp = {Mon, 10 Oct 2016 15:42:52 +0200},
	biburl    = {http://dblp.uni-trier.de/rec/bib/conf/semweb/SpasicJP16},
	bibsource = {dblp computer science bibliography, http://dblp.org}
}

@article{DBLP:journals/pvldb/IosupHNHPMCCSAT16,
  author    = {Alexandru Iosup and
               Tim Hegeman and
               Wing Lung Ngai and
               Stijn Heldens and
               Arnau Prat{-}P{\'{e}}rez and
               Thomas Manhardt and
               Hassan Chafi and
               Mihai Capota and
               Narayanan Sundaram and
               Michael J. Anderson and
               Ilie Gabriel Tanase and
               Yinglong Xia and
               Lifeng Nai and
               Peter A. Boncz},
  title     = {{LDBC} {G}raphalytics: {A} Benchmark for Large-Scale Graph Analysis on Parallel and Distributed Platforms},
  journal   = {{VLDB}},
  volume    = {9},
  number    = {13},
  pages     = {1317--1328},
  year      = {2016},
  url       = {http://www.vldb.org/pvldb/vol9/p1317-iosup.pdf},
  doi       = {10.14778/3007263.3007270},
  timestamp = {Fri, 09 Sep 2016 17:23:24 +0200},
  biburl    = {http://dblp.org/rec/bib/journals/pvldb/IosupHNHPMCCSAT16},
  bibsource = {dblp computer science bibliography, http://dblp.org}
}

@article{DBLP:journals/sigmod/AnglesBLF0ENMKT14,
	author    = {Renzo Angles and
	Peter A. Boncz and
	Josep{-}Lluis Larriba{-}Pey and
	Irini Fundulaki and
	Thomas Neumann and
	Orri Erling and
	Peter Neubauer and
	Norbert Mart{\'{\i}}nez{-}Bazan and
	Venelin Kotsev and
	Ioan Toma},
	title     = {The {L}inked {D}ata {B}enchmark {C}ouncil: {A} graph and {RDF} industry benchmarking
	effort},
	journal   = {{SIGMOD} Record},
	volume    = {43},
	number    = {1},
	pages     = {27--31},
	year      = {2014},
	url       = {http://doi.acm.org/10.1145/2627692.2627697},
	doi       = {10.1145/2627692.2627697},
	timestamp = {Wed, 04 Jun 2014 21:15:24 +0200},
	biburl    = {http://dblp.uni-trier.de/rec/bib/journals/sigmod/AnglesBLF0ENMKT14},
	bibsource = {dblp computer science bibliography, http://dblp.org}
}

@misc{ldbc_spb_bm_2.0,
    author = {ldbc},
    title = {{ldbc\_spb\_docs}},
    url = {https://github.com/ldbc/ldbc_spb_bm_2.0}
}

@misc{ldbc_snb_docs,
    author = {ldbc},
    title = {{ldbc\_snb\_docs}},
    url = {https://github.com/ldbc/ldbc_snb_docs}
}

@misc{antgroup,
    author = {{Ant Group Co.,Ltd}},
    title = {Ant Group Homepage},
    url = {https://www.antgroup.com/en}
}

@article{DBLP:journals/corr/abs-2001-02299,
  author    = {Renzo Angles and
               J{\'{a}}nos Benjamin Antal and
               Alex Averbuch and
               Peter A. Boncz and
               Orri Erling and
               Andrey Gubichev and
               Vlad Haprian and
               Moritz Kaufmann and
               Josep{-}Llu{\'{\i}}s Larriba{-}Pey and
               Norbert Mart{\'{\i}}nez{-}Bazan and
               J{\'{o}}zsef Marton and
               Marcus Paradies and
               Minh{-}Duc Pham and
               Arnau Prat{-}P{\'{e}}rez and
               Mirko Spasic and
               Benjamin A. Steer and
               G{\'{a}}bor Sz{\'{a}}rnyas and
               Jack Waudby},
  title     = {The {LDBC} {S}ocial {N}etwork {B}enchmark},
  journal   = {CoRR},
  volume    = {abs/2001.02299},
  year      = {2020},
  url       = {http://arxiv.org/abs/2001.02299},
  archivePrefix = {arXiv},
  eprint    = {2001.02299},
  timestamp = {Mon, 13 Jan 2020 12:40:17 +0100},
  biburl    = {https://dblp.org/rec/journals/corr/abs-2001-02299.bib},
  bibsource = {dblp computer science bibliography, https://dblp.org}
}
